% This file was created with JabRef 2.3.1.
% Encoding: UTF8

@TECHREPORT{Loepmeier:2015TR,
  author = {Tim Löpmeier},
  title = {Beispiel für ein Zitat},
  institution = {WWU Münster},
  year = {2015},
  number = {ST3646F},
  owner = {tim},
  timestamp = {2015.14.10}
}

